@misc{AIRBUS20242024Forecast,
    title = {{2024 Global Market Forecast}},
    year = {2024},
    author = {{AIRBUS}},
    month = {8},
    pages = {1--2},
    url = {https://www.airbus.com/en/products-services/commercial-aircraft/market/global-market-forecast#:~:text=Over%20the%20next%2020%20years%20we%20forecast%20a%20demand%20for},
    note = {Retrieved Retrieved 12 September 2024}
}

@techreport{BoeingCommercialAirplanes2023777-9Planning,
    title = {{777-9 Airplane Characteristics for Airport Planning}},
    year = {2023},
    author = {{Boeing Commercial Airplanes}}
}

@inproceedings{Nguyen2022ARecovery,
    title = {{A Frequency-Domain Approach to Analysing Dynamic Deep Stall Recovery}},
    year = {2022},
    booktitle = {AIAA SCITECH 2022 Forum},
    author = {Nguyen, Duc H. and Lowenberg, Mark H. and Neild, Simon A.},
    month = {1},
    publisher = {American Institute of Aeronautics and Astronautics},
    address = {Reston, Virginia},
    isbn = {978-1-62410-631-6},
    doi = {10.2514/6.2022-1935}
}

@techreport{Lina1965AConditions,
    title = {{A Simulator Study of T-Tail Aircraft in Deep Stall Conditions}},
    year = {1965},
    author = {Lina, Lindsay J. and Moul, Martin T.},
    month = {11},
    institution = {NASA Langley Research Center},
    address = {Langley Station, Hampton, Virginia}
}

@misc{Vos2023ADSEE-I:Configurations,
    title = {{ADSEE-I: Analysis of Aircraft Configurations}},
    year = {2023},
    author = {Vos, R and Hoogreef, M and Akay, I}
}

@misc{Yoon2024AdverseTurns,
    title = {{Adverse Yaw and Aircraft Turns}},
    year = {2024},
    booktitle = {https://aerospaceweb.org/question/dynamics/q0045.shtml},
    author = {Yoon, J.},
    month = {9},
    url = {https://aerospaceweb.org/question/dynamics/q0045.shtml},
    note = {Retrieved 1 October 2024},
    language = {English}
}

@techreport{Timmer2024AE2111-IReader,
    title = {{AE2111-I System Design Project Reader}},
    year = {2024},
    author = {Timmer, W. A.},
    month = {8},
    institution = {TU Delft}
}

@inproceedings{Dr.Oliviero2024AE2111-IIEstimation,
    title = {{AE2111-II - Lift {\&} Drag Estimation}},
    year = {2024},
    author = {Dr. Oliviero, Fabrizio},
    pages = {50},
    publisher = {TU Delft},
    address = {Delft}
}

@article{Mason1981AerodynamicComputer,
    title = {{Aerodynamic Calculation Methods for Programmable Calculators {\&} Personal Computer}},
    year = {1981},
    author = {Mason, W.H.}
}

@book{Obert2009AerodynamicAircraft,
    title = {{Aerodynamic Design of Transport Aircraft}},
    year = {2009},
    author = {Obert, E},
    month = {10}
}

@techreport{Bonner1991AerodynamicI-Theory,
    title = {{Aerodynamic Preliminary Analysis System II Part I-Theory}},
    year = {1991},
    author = {Bonner, E and Clever, W and Dunn, K}
}

@misc{Oliviero2024AerospaceII,
    title = {{Aerospace Design {\&} System Engineering Elements II}},
    year = {2024},
    author = {Oliviero, F.},
    pages = {63},
    publisher = {TU Delft},
    address = {Delft}
}

@misc{FlightLevelEngineering2011AileronSizing,
    title = {{Aileron Sizing}},
    year = {2011},
    booktitle = {ProAdvice3},
    author = {{Flight Level Engineering}},
    pages = {4--5},
    publisher = {GreatOwlPublishing},
    url = {https://www.conachenuavs.com/downloads/ProAdvice%203%20-%20AILERON%20SIZING.pdf},
    note = {Retrieved 3 October 2024},
    language = {English}
}

@article{Howe2000AircraftSynthesis,
    title = {{Aircraft Conceptual Design Synthesis}},
    year = {2000},
    journal = {Professional Engineering Publishing},
    author = {Howe, Denis},
    pages = {147--148}
}

@book{Scholz2017AircraftDesign,
    title = {{Aircraft Design}},
    year = {2017},
    author = {Scholz, Dieter and Flitta, Julia},
    month = {5},
    pages = {89--132},
    publisher = {Hamburg University of Applied Sciences}
}

@book{Kundu2012AircraftDesign,
    title = {{Aircraft Design}},
    year = {2012},
    booktitle = {Aircraft Design},
    author = {Kundu, A. K.},
    chapter = {10},
    month = {6},
    pages = {314--370},
    publisher = {Cambridge University Press},
    doi = {https://doi.org/10.1017/CBO9780511844652.012}
}

@book{Raymer1992AircraftApproach,
    title = {{Aircraft design : a conceptual approach}},
    year = {1992},
    author = {Raymer, Daniel P..},
    pages = {284--745},
    publisher = {American Institute of Aeronautics and Astronautics},
    isbn = {0930403517}
}

@incollection{Sadraey2012AircraftApproach,
    title = {{Aircraft Design: A Systems Engineering Approach}},
    year = {2012},
    booktitle = {Aircraft Design},
    author = {Sadraey, Mohammad H.},
    chapter = {5},
    month = {10},
    pages = {171--340},
    publisher = {Wiley},
    doi = {10.1002/9781118352700.ch5}
}

@techreport{Scholz2015Aircraft7,
    title = {{Aircraft Design; Chapter 7}},
    year = {2015},
    author = {Scholz, Dieter},
    pages = {23--24},
    url = {https://www.fzt.haw-hamburg.de/pers/Scholz/HOOU/},
    note = {Retrieved 7 October 2024},
    institution = {Hamburg University of Applied Sciences},
    address = {Hamburg}
}

@article{Zhao2017AircraftRunways,
    title = {{Aircraft Engine Water Ingestion Generated by Tire Spray on Water-Contaminated Runways}},
    year = {2017},
    journal = {Advances in Engineering Research (AER)},
    author = {Zhao, K. and Liu, P. and Qu, Q.},
    pages = {795--798},
    volume = {143},
    url = {http://creativecommons.org/licenses/by-nc/4.0/},
    note = {Retrieved 10 October 2024}
}

@misc{Wood2022AircraftDesign,
    title = {{Aircraft Horizontal and Vertical Tail Design}},
    year = {2022},
    author = {Wood, Andrew}
}

@techreport{Koppejan2024Aircraft1,
    title = {{Aircraft Initial Sizing - Work Package 1}},
    year = {2024},
    author = {Koppejan, Jeroen and Gonzalez Pi{\~{n}}eiro, Mario and Lammers, Sander and Skrobanek, Hanna and Str{\'{o}}zik, Miko≈Çaj and Talan, Tin and Koot, Sandor and Kort, Caelan and Putin Frances, Giulia and van Steenberge, Nathan and Tab{\u{a}}r{\u{a}}, Andrei-Cristian},
    pages = {},
    institution = {TUDelft}
}

@article{PicchiScardaoni2021AircraftArchitecture,
    title = {{Aircraft turnaround time estimation in early design phases: Simulation tools development and application to the case of box-wing architecture}},
    year = {2021},
    journal = {Journal of Air Transport Management},
    author = {Picchi Scardaoni, Marco and Magnacca, Fabio and Massai, Andrea and Cipolla, Vittorio},
    month = {9},
    pages = {102122},
    volume = {96},
    publisher = {Pergamon},
    doi = {10.1016/J.JAIRTRAMAN.2021.102122},
    issn = {0969-6997},
    arxivId = {2108.01015},
    keywords = {Aircraft design, Boarding simulation, Performance management, PrandtlPlane, Turnaround time}
}

@misc{Antunes2020ArticulatedDuct,
    title = {{Articulated Cover Assembly For Wing Leading Edge Slat Telescopic Tube Duct}},
    year = {2020},
    author = {Antunes, Marco Antonio},
    month = {10},
    publisher = {USPTO},
    institution = {as}
}

@techreport{Gloss1973Canard-WingSpeeds,
    title = {{Canard-Wing Lift Interference Related to Maneuvering Aircraft at Subsonic Speeds}},
    year = {1973},
    author = {Gloss, Blair B. and McKinney, Linwood W.},
    month = {12},
    institution = {NASA Langley Research Center},
    address = {Washington D.C.}
}

@techreport{EuropeanAviationSafetyAgency2023CertificationCS-25,
    title = {{Certification Specifications and Acceptable Means of Compliance for Large Aeroplanes (CS-25)}},
    year = {2023},
    author = {{European Aviation Safety Agency}}
}

@misc{Jenkinson2001CivilDesign,
    title = {{Civil Jet Aircraft Design}},
    year = {2001},
    booktitle = {Butterworth-Heinemann},
    author = {Jenkinson, L and Simpkin, P. and Rhodes, D.}
}

@book{Jenkinson2003CivilDesign,
    title = {{Civil jet aircraft design}},
    year = {2003},
    author = {Jenkinson, L. R.. and Simpkin, Paul. and Rhodes, Darren.},
    pages = {418},
    publisher = {Butterworth-Heinemann},
    isbn = {034074152X}
}

@article{Miller2000DesignComponents,
    title = {{Design Approaches for High Temperature Composite Aeroengine Components}},
    year = {2000},
    journal = {Comprehensive Composite Materials},
    author = {Miller, R.J.},
    pages = {181--207},
    publisher = {Elsevier},
    doi = {10.1016/B0-08-042993-9/00138-8}
}

@article{Zaccai2016DesignMechanisms,
    title = {{Design methodology for trailing-edge high-lift mechanisms}},
    year = {2016},
    journal = {CEAS Aeronautical Journal},
    author = {Zaccai, David and Bertels, Francesco and Vos, Roelof},
    number = {4},
    month = {12},
    pages = {521--534},
    volume = {7},
    publisher = {Springer-Verlag Wien},
    doi = {10.1007/s13272-016-0202-7},
    issn = {18695590},
    keywords = {Aircraft design, High-lift devices, Kinematics, Knowledge-based-engineering, Weight estimation}
}

@article{Ma2024DesigningApproaches,
    title = {{Designing high aspect ratio wings: A review of concepts and approaches}},
    year = {2024},
    journal = {Progress in Aerospace Sciences},
    author = {Ma, Yiyuan and Elham, Ali},
    month = {2},
    pages = {100983},
    volume = {145},
    publisher = {Pergamon},
    doi = {10.1016/J.PAEROSCI.2024.100983},
    issn = {0376-0421},
    keywords = {Aeroelastic design, Aerostructural optimization, Aircraft conceptual design, Civil transport aircraft, High aspect ratio wings, Unconventional aircraft}
}

@misc{SKYbrary2024DifferentialAilerons,
    title = {{Differential Ailerons}},
    year = {2024},
    booktitle = {https://skybrary.aero/articles/differential-ailerons},
    author = {{SKYbrary}},
    month = {10},
    url = {https://skybrary.aero/articles/differential-ailerons},
    note = {Retrieved 1 October 2024},
    language = {English}
}

@misc{2022DragDivergence,
    title = {{Drag divergence}},
    year = {2022},
    booktitle = {Fiveable},
    url = {https://library.fiveable.me/key-terms/fluid-dynamics/drag-divergence},
    note = {Retrieved 7 October 2024}
}

@article{Jing2024EffectsAirfoil,
    title = {{Effects of Leading Edge Radius on Stall Characteristics of Rotor Airfoil}},
    year = {2024},
    journal = {Aerospace},
    author = {Jing, Simeng and Zhao, Guoqing and Gao, Yuan and Zhao, Qijun},
    number = {6},
    month = {6},
    volume = {11},
    publisher = {Multidisciplinary Digital Publishing Institute (MDPI)},
    doi = {10.3390/aerospace11060470},
    issn = {22264310},
    keywords = {adverse pressure gradient, leading edge radius, rotor airfoil, shock wave, stall characteristics}
}

@article{Al-Shamma2018EmployingSoftware,
    title = {{Employing control surface model in preliminary aircraft desing software}},
    year = {2018},
    journal = {nternational Journal of Engineering {\&} Technology},
    author = {Al-Shamma, O. and Ali, R. and Hassan, H},
    number = {31},
    month = {5},
    pages = {135--140},
    volume = {7},
    doi = {10.14419/ijet.v7i2.31.13426},
    language = {English}
}

@article{Scholz2012EstimatingParameters,
    title = {{Estimating the Oswald Factor from Basic Aircraft Geometrical Parameters}},
    year = {2012},
    journal = {Aero-Aircraft Designand Systems Group},
    author = {Scholz, D. and Nita, M.},
    pages = {6--8}
}

@inproceedings{Essari2018EstimationUAVs,
    title = {{Estimation of Empennage Design Weight in Conceptual Design Phase for Tactical UAVs}},
    year = {2018},
    booktitle = {Proceedings of First Conference for Engineering Sciences and Technology: Vol. 2},
    author = {Essari, Abdulhakim Muhammad},
    month = {11},
    pages = {675--685},
    publisher = {AIJR Publisher},
    isbn = {9788193682067},
    doi = {10.21467/proceedings.4.35}
}

@article{Marsden1968Flight94,
    title = {{Flight International July-December 1968: Vol 94}},
    year = {1968},
    journal = {Iliffe Transportation Publication Ltd.},
    author = {Marsden, John A.},
    month = {12},
    pages = {7--7},
    volume = {94}
}

@misc{Hoerner1992Fluid-dynamicResistance,
    title = {{Fluid-dynamic drag : practical information on aerodynamic drag and hydrodynamic resistance }},
    year = {1992},
    booktitle = {Fluid-dynamic drag : practical information on aerodynamic drag and hydrodynamic resistance},
    author = {Hoerner, Sighard F},
    edition = {2nd ed.},
    publisher = {Hoerner Fluid Dynamics},
    address = {Bakersfield, Calif},
    keywords = {Drag (Aerodynamics)},
    language = {eng}
}

@misc{CRH2023FullyPavement,
    title = {{Fully Flexible Pavement}},
    year = {2023},
    booktitle = {TARMAC},
    author = {{CRH}},
    pages = {1--3}
}

@book{Shevell1983FundamentalsShevell.,
    title = {{Fundamentals of flight / Richard S. Shevell.}},
    year = {1983},
    booktitle = {Fundamentals of flight},
    author = {Shevell, Richard Shepherd.},
    publisher = {Prentice-Hall},
    address = {Englewood Cliffs, N.J},
    isbn = {0133390934},
    keywords = {Aerodynamics},
    language = {eng}
}

@article{Nicolosi2016FuselageMethods,
    title = {{Fuselage aerodynamic prediction methods}},
    year = {2016},
    journal = {Aerospace Science and Technology},
    author = {Nicolosi, Fabrizio and Della Vecchia, Pierluigi and Ciliberti, Danilo and Cusati, Vincenzo},
    month = {8},
    pages = {332--343},
    volume = {55},
    doi = {10.1016/j.ast.2016.06.012},
    issn = {12709638}
}

@article{Megson2013Fuselages,
    title = {{Fuselages}},
    year = {2013},
    journal = {Aircraft Structures for Engineering Students},
    author = {Megson, T.H.G.},
    pages = {643--651},
    publisher = {Elsevier},
    doi = {10.1016/B978-0-08-096905-3.00040-1}
}

@misc{GEAerospace2024GE9X,
    title = {{GE9X}},
    year = {2024},
    booktitle = {https://www.geaerospace.com/commercial/aircraft-engines/ge9x},
    author = {{GE Aerospace}},
    month = {10},
    url = {https://www.geaerospace.com/commercial/aircraft-engines/ge9x},
    note = {Retrieved 10 October 2024}
}

@book{SnorriGudmundsson2014GeneralDesign,
    title = {{General Aviation Aircraft Design}},
    year = {2014},
    author = {{Snorri Gudmundsson}},
    edition = {1},
    pages = {697--700},
    publisher = {Elsevier},
    isbn = {9780123973085},
    doi = {10.1016/C2011-0-06824-2}
}

@book{Gudmundsson2013GeneralProcedures,
    title = {{General Aviation Aircraft Design: Applied Methods and Procedures}},
    year = {2013},
    author = {Gudmundsson, Snorri and Der, Faa},
    edition = {1},
    month = {9},
    publisher = {Butterworth-Heinemann},
    isbn = {9780123973290}
}

@misc{Zachary2023HighCons,
    title = {{High Wing vs Low Wing Aircraft: Comparing Pros and Cons}},
    year = {2023},
    booktitle = {Entireflight},
    author = {Zachary, Franklin},
    month = {10},
    url = {https://www.entireflight.com/blogs/learntofly/high-wing-vs-low-wing#:~:text=The%20position%20of%20the%20wings%20above%20the%20fuselage%20provides%20a,over%20during%20takeoff%20and%20landing.},
    note = {Retrieved 7 October 2024}
}

@techreport{Rudolph1996High-LiftAirliners,
    title = {{High-Lift Systems on Commercial Subsonic Airliners}},
    year = {1996},
    author = {Rudolph, Peter K C}
}

@misc{Hayward2024HowAircraft,
    title = {{How Engines are Attached to Aircraft}},
    year = {2024},
    booktitle = {https://simpleflying.com/how-engines-are-attached-to-aircraft/},
    author = {Hayward, J. and Joshi, G.},
    month = {10},
    url = {https://simpleflying.com/how-engines-are-attached-to-aircraft/},
    note = {Retrieved 8 October 2024},
    language = {English}
}

@misc{EASA2024ICAODatabank,
    title = {{ICAO Aircraft Engine Emissions Databank}},
    year = {2024},
    author = {{EASA}},
    month = {7},
    url = {https://www.easa.europa.eu/en/domains/environment/icao-aircraft-engine-emissions-databank},
    note = {Retrieved 10 October 2024}
}

@book{Brandt1997IntroductionEdition,
    title = {{Introduction to Aeronautics: A Design Perspective, Third Edition}},
    year = {1997},
    author = {Brandt, Steven A. and Stiles, Randall J. and Bertin, John J. and Whitford, Ray},
    edition = {3},
    month = {3},
    publisher = {American Institute of Aeronautics and Astronautics, Inc.},
    address = {Reston, Virginia},
    isbn = {978-1-62410-327-8},
    doi = {10.2514/4.103278}
}

@book{Leishman2024IntroductionVehicles,
    title = {{Introduction to Aerospace Flight Vehicles}},
    year = {2024},
    author = {Leishman, J. Gordon},
    month = {9},
    publisher = {Embry-Riddle Aeronautical University},
    address = {}
}

@book{Vos2023IntroductionDesign,
    title = {{Introduction to Airplane Design}},
    year = {2023},
    author = {Vos, R.,},
    edition = {40},
    pages = {-234},
    volume = {1},
    publisher = {Delft University of Technology},
    address = {Delft}
}

@book{Anderson2016IntroductionFlight,
    title = {{Introduction to flight}},
    year = {2016},
    author = {Anderson, John D..},
    pages = {910},
    publisher = {McGraw-Hill Education},
    isbn = {9780078027673}
}

@misc{NationalOceanicandAtmosphericAdministrationNOAA1999KeroseneKRS,
    title = {{Kerosene (KRS)}},
    year = {1999},
    booktitle = {CAMEO Chemicals Database},
    author = {{National Oceanic and Atmospheric Administration (NOAA)} and {Environmental Protection Agency (EPA)}},
    month = {6}
}

@inproceedings{Gopalsamy2019KinematicMechanism,
    title = {{Kinematic Synthesis and Optimization of a Double-Slotted Fowler Flap Mechanism}},
    year = {2019},
    booktitle = {Machines, Mechanism and Robotics Proceedings of iNaCoMM 2019},
    author = {Gopalsamy, Balamurugan and Manjunath, C. and Rangavittal, H. K. and Vinod Kumar, K.},
    editor = {Kumar Vishal, Rajeev and Chauhan, S. and Talha, Mohammad and Pathak, Himanshu},
    pages = {447--453},
    url = {http://www.springer.com/series/11693},
    address = {Singapore}
}

@misc{SIA2023LFBOBLAGNAC,
    title = {{LFBO - TOULOUSE BLAGNAC}},
    year = {2023},
    booktitle = {DGAC},
    author = {{SIA}},
    month = {4},
    pages = {1--3},
    url = {https://www.sia.aviation-civile.gouv.fr/},   note = {Retrieved 8 October 2024}
}

@unpublished{DavidMengle2010LinearExample,
    title = {{Linear interpolation example}},
    year = {2010},
    author = {{David Mengle}},
    month = {4},
    pages = {1--3},
    series = {1}
}

@incollection{Sadraey2023LongitudinalControl,
    title = {{Longitudinal Control}},
    year = {2023},
    author = {Sadraey, Mohammad H.},
    month = {1},
    pages = {159--189},
    publisher = {Springer, C.},
    isbn = {978-3-031-18764-3},
    doi = {10.1007/978-3-031-18765-0{\_}5}
}

@article{Boyer2015MaterialsApplications,
    title = {{Materials considerations for aerospace applications}},
    year = {2015},
    journal = {MRS Bulletin},
    author = {Boyer, R.R. and Cotton, J.D. and Mohaghegh, M. and Schafrik, R.E.},
    number = {12},
    month = {12},
    pages = {1055--1066},
    volume = {40},
    doi = {10.1557/mrs.2015.278},
    issn = {0883-7694}
}

@techreport{Jie2009NovelAirliner,
    title = {{Novel Swing Arm Mechanism Design for Trailing Edge Flaps on Commercial Airliner}},
    year = {2009},
    author = {Jie, Yu},
    month = {1},
    institution = {CranfieldUniversity}
}

@book{Roskam1985PreliminarySystem,
    title = {{Preliminary Configuration Design and Integration of the Propulsion System}},
    year = {1985},
    author = {Roskam, Jan},
    volume = {1},
    publisher = {Roskam Aviation and Engineering Corporation},
    address = {Lawrence, Kansas}
}

@article{Proesmans2019PreliminaryConfiguration,
    title = {{Preliminary Propulsion System Design and Integration for a Box-Wing Aircraft Configuration}},
    year = {2019},
    author = {Proesmans, P},
    month = {12},
    url = {https://repository.tudelft.nl/file/File_e0db45aa-d0db-40f0-a356-70d200d3d51a?preview=1}
}

@article{Banks1974PreliminaryAircraft,
    title = {{Preliminary Weight Estimation of Canard Configured Aircraft}},
    year = {1974},
    author = {Banks, J.}
}

@misc{Smith2022RangeEndurance,
    title = {{Range and Endurance}},
    year = {2022},
    booktitle = {Aircraft Flight Mechanics},
    author = {Smith, Harry},
    url = {https://aircraftflightmechanics.com/AircraftPerformance/RangeandEndurance.html},
    note = {Retrieved 7 October 2024}
}

@misc{Maaz2024RearDisadvantages,
    title = {{Rear vs Wing-Mounted Engines: Advantages and Disadvantages}},
    year = {2024},
    booktitle = {https://simpleflying.com/rear-vs-wing-mounted-engines-advantages-and-disadvantages/},
    author = {Maaz, A. and Memon, O.},
    month = {7},
    url = {https://simpleflying.com/rear-vs-wing-mounted-engines-advantages-and-disadvantages/},
    note = {Retrieved 10 October 2024}
}

@misc{deQueiroz2020ShutterCut-outs,
    title = {{Shutter Door Mechanism For Wing Leading Edge Slat Cut-outs}},
    year = {2020},
    author = {de Queiroz, Andre Ganam and Motoyama, Alexandre Takao and Pasquini, Azelio and Firmino, Douglas Carrari and dos Santos Borges, Egon and de Araujo, Henrique Fonseca and Fernandez, Luiz Flavio and David, Nilson Luiz},
    month = {10},
    publisher = {USPTO}
}

@book{Torenbeek1982SynthesisDesign,
    title = {{Synthesis of Subsonic Airplane Design}},
    year = {1982},
    author = {Torenbeek, Egbert},
    pages = {245--246},
    publisher = {Kluwer Academic Publishers},
    address = {Delft, Netherlands}
}

@article{Gudmundsson2014TheEnhancement,
    title = {{The Anatomy of Lift Enhancement}},
    year = {2014},
    journal = {General Aviation Aircraft Design},
    author = {Gudmundsson, Snorri},
    month = {1},
    pages = {401--457},
    publisher = {Butterworth-Heinemann},
    isbn = {978-0-12-397308-5},
    doi = {10.1016/B978-0-12-397308-5.00010-6}
}

@book{Abbott1949TheoryData,
    title = {{Theory of Wing Sections Including a Summary of Airfoil Data}},
    year = {1949},
    author = {Abbott, Ira H. and Von Doenhoff, Albert E.},
    publisher = {Dover Publications},
    address = {New York}
}

@misc{PilotInstitute2023TurbofanDifference,
    title = {{Turbofan vs. Turbojet: What's the difference?}},
    year = {2023},
    booktitle = {https://pilotinstitute.com/turbofan-vs-turbojet/},
    author = {{Pilot Institute}},
    month = {9},
    url = {https://pilotinstitute.com/turbofan-vs-turbojet/},
    note = {Retrieved 15 October 2024}
}

@misc{JoelN.2020TurbojetExplained,
    title = {{Turbojet vs. Turbofan Explained}},
    year = {2020},
    booktitle = {https://www.century-of-flight.net/turbojet-vs-turbofan-explained/},
    author = {{Joel N.}},
    month = {11},
    url = {https://www.century-of-flight.net/turbojet-vs-turbofan-explained/},
    note = {Retrieved 15 October 2024}
}

@techreport{Koppejan2024WingDesign,
    title = {{Wing Aerodynamic Design Work Package 2 Group B06, AE2111-I System Design}},
    year = {2024},
    author = {Koppejan, Jeroen and Gonzalez Pi{\~{n}}eiro, Mario and Lammers, Sander and Skrobanek, Hanna and Str{\'{o}}zik, Miko≈Çaj and Talan, Tin and Koot, Sandor and Kort, Caelan and Putin Frances, Giulia and van Steenberge, Nathan and Tab{\u{a}}r{\u{a}}, Andrei-Cristian},
    month = {10},
    institution = {TUDelft}
}
@inproceedings{Horvath2018ComparisonSystem,
    title = {{Comparison of Aircraft Conceptual Design Weight Estimation Methods to the Flight Optimization System}},
    year = {2018},
    booktitle = {AIAA Aerospace Sciences Meeting},
    author = {Horvath, Bryce L. and Wells, Douglas P.},
    month = {1},
    publisher = {American Institute of Aeronautics and Astronautics},
    address = {Reston, Virginia},
    isbn = {978-1-62410-524-1},
    doi = {10.2514/6.2018-2032}
}
